@inbook{Clarke2014,
	address = {Berlin, Heidelberg},
	author = {Keith C. Clarke},
	booktitle = {Journal of Regional Science},
	doi = {10.1007/978-3-642-23430-9},
	editor = {Fischer, Manfred M. and Nijkamp, Peter},
	isbn = {978-3-642-23429-3},
	issn = {00224146},
	number = {4},
	chapter = {62},
	pages = {1217--1231},
	publisher = {Springer Berlin Heidelberg},
	title = {{Handbook of Regional Science}},
	volume = {54},
	year = {2014}
}

@article{Satulovsky1944,
	title = {Stochastic lattice gas model for a predator-prey system},
	author = {Javier E. Satulovsky and TÃ¢nia Tom{\'{e}}},
	journal = {Phys. Rev. E},
	volume = {49},
	issue = {6},
	pages = {5073--5079},
	year = {1994},
	month = {Jun},
	publisher = {American Physical Society},
	doi = {10.1103/PhysRevE.49.5073},
}

@article{Keesen2017,
	title = {Simulations of populations of Sapajus robustus in a fragmented landscape},
	journal = {Ecological Modelling},
	volume = {344},
	pages = {38-47},
	year = {2017},
	issn = {0304-3800},
	doi = {https://doi.org/10.1016/j.ecolmodel.2016.11.003},
	author = {F. Keesen and A. Castro e Silva and E. Arashiro and Carlos Felipe Saraiva Pinheiro},
	keywords = {Computer modeling, Habitat fragmentation, Penna model}
}

@article{Argolo2016,
	author={C Argolo and P Barros and T Tom{\'{e}} and E Arashiro and Iram Gleria and M L Lyra},
	title={Threshold of coexistence and critical behavior of a predator-prey stochastic model in a fractal landscape},
	journal={Journal of Statistical Mechanics: Theory and Experiment},
	volume={2016},
	number={8},
	year={2016},
	note={083204}
}

@article{Lotka1926,
	ISSN = {20594941},
	author = {Alfred J. Lotka},
	journal = {Science Progress in the Twentieth Century (1919-1933)},
	number = {82},
	pages = {341--343},
	publisher = {Temporary Publisher},
	title = {ELEMENTS OF PHYSICAL BIOLOGY},
	volume = {21},
	year = {1926}
}
